<?xml version="1.0" encoding="UTF-8"?><collection xmlns="http://www.loc.gov/MARC21/slim"><record><leader>00517nam--2200169-i-4500</leader><controlfield tag="001">000007648</controlfield><controlfield tag="002">20161230</controlfield><controlfield tag="005">20161230201027</controlfield><controlfield tag="008">060222s1000------------r-----000-0-eng-d</controlfield><datafield ind1=" " ind2=" " tag="040"><subfield code="a">IFIN-HH</subfield></datafield><datafield ind1=" " ind2=" " tag="080"><subfield code="a">539</subfield></datafield><datafield ind1="1" ind2=" " tag="100"><subfield code="a">Wright, Stephen</subfield></datafield><datafield ind1="1" ind2="0" tag="245"><subfield code="a">Classical scientific papers. physics. facsimile reproductions of famous scientific papers. with an introduction by</subfield><subfield code="c">Stephen wright</subfield></datafield><datafield ind1=" " ind2=" " tag="260"><subfield code="a">London</subfield><subfield code="b">Mills And Boon Limited</subfield><subfield code="c">1964</subfield></datafield><datafield ind1=" " ind2=" " tag="300"><subfield code="a">XIX + 393 P</subfield></datafield><datafield ind1=" " ind2=" " tag="852"><subfield code="a">24027</subfield><subfield code="c">53</subfield></datafield><datafield ind1=" " ind2=" " tag="CAT"><subfield code="a">Sys</subfield><subfield code="c">20150218</subfield><subfield code="h">130449</subfield></datafield></record></collection>